<?xml version="1.0" encoding="UTF-8"?><record xmlns="http://www.loc.gov/MARC21/slim" xmlns:cinclude="http://apache.org/cocoon/include/1.0" xmlns:zs="http://www.loc.gov/zing/srw/">
  <leader>01402cz  a2200229n  4500</leader>
  <controlfield tag="001">n  92074254 </controlfield>
  <controlfield tag="003">DLC</controlfield>
  <controlfield tag="005">20130312091104.0</controlfield>
  <controlfield tag="008">920722n| azannaab           |a aaa      </controlfield>
  <datafield tag="010" ind1=" " ind2=" ">
    <subfield code="a">n  92074254 </subfield>
  </datafield>
  <datafield tag="040" ind1=" " ind2=" ">
    <subfield code="a">DLC</subfield>
    <subfield code="b">eng</subfield>
    <subfield code="e">rda</subfield>
    <subfield code="c">DLC</subfield>
    <subfield code="d">DLC</subfield>
  </datafield>
  <datafield tag="046" ind1=" " ind2=" ">
    <subfield code="f">[1631,1632]</subfield>
    <subfield code="g">1691</subfield>
    <subfield code="2">edtf</subfield>
  </datafield>
  <datafield tag="100" ind1="1" ind2=" ">
    <subfield code="a">Mauritius, Erich,</subfield>
    <subfield code="d">1631 or 1632-1691</subfield>
  </datafield>
  <datafield tag="400" ind1="1" ind2=" ">
    <subfield code="a">Mauritius, Eric,</subfield>
    <subfield code="d">1631 or 1632-1691</subfield>
  </datafield>
  <datafield tag="400" ind1="1" ind2=" ">
    <subfield code="w">nnea</subfield>
    <subfield code="a">Mauritius, Erich,</subfield>
    <subfield code="d">1631 or 2-1691</subfield>
  </datafield>
  <datafield tag="400" ind1="1" ind2=" ">
    <subfield code="a">Mauritius, Ericus,</subfield>
    <subfield code="d">1631 or 1632-1691</subfield>
  </datafield>
  <datafield tag="400" ind1="1" ind2=" ">
    <subfield code="a">Mauritz, Ericus,</subfield>
    <subfield code="d">1631 or 1632-1691</subfield>
  </datafield>
  <datafield tag="400" ind1="1" ind2=" ">
    <subfield code="a">Moritz, Erich,</subfield>
    <subfield code="d">1631 or 1632-1691</subfield>
  </datafield>
  <datafield tag="670" ind1=" " ind2=" ">
    <subfield code="a">His Viri illustris, Dn. Erici Mauritii ... Dissertationes et opuscula de selectis jurispublici [sic], feudalis &amp; privati vati [sic] argumentis conscripta ... 1692:</subfield>
    <subfield code="b">t.p. (Dn. Erici Mauritii, jurisconsulti consummatissimi, in Supremo Augustae Camerae Imperialis Judicio adsessoris ...) frontispiece (Eric[us] Mauritz) pref. (b. 8-10-1631 at Itzehoe; d. 10-14-1691)</subfield>
  </datafield>
  <datafield tag="670" ind1=" " ind2=" ">
    <subfield code="a">NUC pre-1956</subfield>
    <subfield code="b">(Mauritius, Eric, 1631-1691)</subfield>
  </datafield>
  <datafield tag="670" ind1=" " ind2=" ">
    <subfield code="a">JoĚcher</subfield>
    <subfield code="b">(Mauritius, Ericus; jurisconsult; b. 8-10-1631 in Itzehoe, son of Eric, Sr.; d. Wetzlar 9-10-1691) suppl. (Mauritius, Erich; though birth date commonly given as 8-10-1631, he himself claimed in his curriculum vitae to have been born in 1632)</subfield>
  </datafield>
  <datafield tag="670" ind1=" " ind2=" ">
    <subfield code="a">Allg. deut. Biog.</subfield>
    <subfield code="b">(Mauritius (Moritz), Erich, the younger; b. Itzehoe 8-10-1631; d. Wetzlar 9-10-1691)</subfield>
  </datafield>
</record>